@article{AnusuyaSpeech2009,
    author = {Anusuya, M. A. and Katti, S. K.},
    title = {Speech Recognition by Machine: A Review},
    journaltitle = {International Journal of Computer Science and Information Security},
    year = {2009},
    month = {December},
    volume = {6},
    number = {3},
    pages = {181--205}
}

@article{ThironIzcazaJ2003,
    author = {Thirión Icaza J.},
    title = {El mosquito Aedes aegypti y el dengue en México},
    year = {2003},
    month = {Abril},
}

@incollection{dengueUruguayCap2,
  author      = "Facultad de Agronomía",
  title       = "Aedes aegypti, principal transmisor de la enfermedad del dengue",
  editor      = "César Basso",
  booktitle   = "Abordaje ecosistémico para prevenir y controlar al vector del dengue en Uruguay",
  publisher   = "Universidad de la República",
  address     = "Av. Garzón 780. 12900 Montevideo, Uruguay",
  year        = 2010,
  pages = {15--50}
}

@misc{cenaprece2013,
      author = "Centro Nacional de Programas Preventivos y Control de Enfermedades",
      title = "Guía para la Vigilancia Entomológica con Ovitrampas",
      month = "Octubre",
      year = "2013",
      url = "http://www.cenavece.salud.gob.mx/programas/interior/vectores/descargas/pdf/guiavigilanciaentomologicaovitrampas_sinlogo.pdf"
}
