%%Referencias del capitulo 1

%%Referencias del capitulo 2
@mastersthesis{lunaPaulina2010,
    author    = "Paulina Leija Luna",
    title     = "Sistema de Información Geográfica para la ayuda de toma de decisiones en políticas sociales",
    school    = "Centro de Investigación y de Estudios Avanzados del Instituto Politécnico Nacional Departamento de Computación",
    year      = "2010",
    month     = "2"
}

@mastersthesis{lopezMarcos2007,
    author    = "Marcos López Barbeito",
    title     = "Aplicación web para la gestión de contenidos geolocalizados",
    school    = "Facultad de Informática, Universiadade da Coruña",
    year      = "2007",
    month     = "9"
}

@phdthesis{BarberoD2008,
    author    = "Dante A. Barbero",
    title     = "Modelo sistémico para el manejo con SIG de indicadores de calidad de vida",
    school    = "Facultad de Informática, Universidad Nacional de La Plata",
    year      = "2008",
    month     = "3"
}

@book{llopis2006sistemas,
  title={Sistemas de información geográfica aplicados a la gestión del territorio (2a edición)},
  author={Llopis, J.P.},
  isbn={9788484546603},
  url={http://books.google.com.py/books?id=cjS0GwQ3og4C},
  year={2006},
  publisher={Club Universitario}
}

@article{rgeraldoGeoestasistica,
  title={Introducci{\'o}n a la geoestad{\'\i}stica, teor{\'\i}a y aplicaci{\'o}n},
  author={Giraldo, Ram{\'o}n},
  journal={Universidad Nacional de Colombia, sede Bogot{\'a}, Bogot{\'a} DC},
  year={2002}
}

@article{vgomesAegis2001,
  title = {AEGIS, Herramienta de análisis epidemiológico en un S.I.G.},
  author = {V. Gómez-Rubio, A. López-Quílez y F. Verdejo},
  publisher = {Departament d’Estadística i Investigacióm Operativa. Universitat de Valéncia},
  year={2001},
}

@misc{iMolinaSigEpidemiologia,
  author = "Ivette Molina Serpa",
  title = "Los sistemas de información geográfica en epidemiología",
  url = {<http://www.respyn.uanl.mx/ii/2/ensayos/sistemas_geogra.html>},
  note={[consulta 10 de junio 2014]}
}

@misc{fAlonsoSig2006,
    Author = {Francisco Alonso Sarría},
    Month = "02",
    Title = "Sistemas de Información Geográfica",
    URL = {http://www.um.es/geograf/sigmur/temariohtml/temariohtml.html},
    Year = "2006",
    note={[consulta 05 de marzo 2014]}
}

@article{NINO2011,
   title = {Interpolación espacial de la abundancia larval de Aedes aegypti para localizar focos de infestación},
   journal = {Revista Panamericana de Salud Pública},
   author={Niño, Larry},
   ISSN = {1020-4989},
   language = {es},
   URL = {http://www.scielosp.org/scielo.php?script=sci_arttext&pid=S1020-49892011000600006&nrm=iso},
   volume = {29},
   year = {2011},
   month = {06},
   pages = {416 - 422},
   publisher = {scielosp},
   crossref = {10.1590/S1020-49892011000600006}
}

@mastersthesis{cPachecoMDE2003,
    author    = "Carlos E. Pacheco A.",
    title     = "Evaluación de factores de escala en los métodos de digitalización e interpolación para la elaboración de un modelo digital de elevaciones (MDE) en cuencas montañosas",
    school    = "Facultad de Ciencias Forestales y Ambientales, Universidad de los Andes",
    year      = "2003",
}

@misc{jCerdaJohnSnow2007,
    Author = "Jaime Cerda L. y Gonzalo Valdivia C.",
    Month = "04",
    Title = "John Snow, la epidemia de cólera y el nacimiento de la epidemiología moderna",
    publisher = "Pontificia Universidad Católica de Chile. Facultad de Medicina, Departamento de Salud Pública.",
    Year = "2007"
}

@book{bravo2000breve,
    title={Breve introducción a la cartografía ya los sistemas de información geográfica (SIG)},
    author={Bravo, J Domínguez},
    year={2000},
    publisher={Ciemat}
}

@misc{website:fermentas-lambda,
  author = "Fermentas Inc.",
  title = "Phage Lambda: description \& restriction map",
  month = "11",
  year = "2008",
  url = {<http://www.fermentas.com/techinfo/nucleicacids/maplambda.htm>},
  note={[consulta 04 de enero 2014]}
}

@techreport{fomentoConceptos2010,
  author  = "Ministerio de Fomento, Instituto Geográfico Nacional",
  title   = "Conceptos Cartográficos",
  institution = "Ministerio de Fomento, Gobierno de España",
  address = "General Ibáñes Íbero, Madrid España",
  year    = "2010"
}

@article{rojas2012ejecucion,
  title={Ejecución del inventario vial georeferenciado de Piura y propuesta de optimización de metodologías existentes},
  author={Rojas Ugaz, Humberto Omar and others},
  year={2012},
  publisher={Universidad de Piura. Facultad de Ingenier{\'\i}a. Departamento de Ingenier{\'\i}a Civil. Geotecnia y Vial}
}

@misc{website:emcLonLat2014,
  author = "Escuela Náutica de Catalunya",
  title = "Meridianos y paralelos / latitud y longitud",
  url = {<http://www.enc.es/aulavirtual/0_visita_PER/PER_CD/Contenidos/imag_intera/navegacion/01lat_lon/lat_long6.html>},
  note={[consulta 07 de julio 2014]}
}

@article{curto2003aplicacion,
  title={Aplicaci{\'o}n de Sistemas de informaci{\'o}n geogr{\'a}fica en epidemiolog{\'i}a: caso de estudio: malaria en la Argentina (1902-2000)},
  author={Curto, Susana Isabel and Carbajo, An{\'i}bal E and Boffi, Rolando},
  journal={GAEA, Sociedad Argentina de Estudios Geogr{\'a}ficos},
  volume={1},
  number={10},
  pages={239--248},
  year={2003}
}

@article{bottinelli2002estratificacion,
  title={Estratificaci{\'o}n de {\'a}reas de riesgo-dengue en la ciudad de Corrientes mediante el uso de los (SIG) Sistemas de Informaci{\'o}n Geogr{\'a}fico},
  author={Bottinelli, Omar R and Marder, Gabriel and Ul{\'o}n, Sara N and Ram{\'\i}rez, Liliana and Sario, H{\'e}ctor R},
  journal={Corrientes: UNNE},
  year={2002}
}

@article{martinez2001sigepi,
  title={SIGEpi: sistema de informaci{\'o}n geogr{\'a}fica en epidemiolog{\'i}a y salud p{\'u}blica},
  author={Mart{\'i}nez Piedra, R and others},
  journal={Bolet{\'i}n Epidemiol{\'o}gico/OPS},
  volume={22},
  number={3},
  pages={4--5},
  year={2001}
}

@article{zukowski1993fasciolosis,
  title={Fasciolosis in cattle in Louisiana. II. Development of a system to use soil maps in a geographic information system to estimate disease risk on Louisiana coastal marsh rangeland},
  author={Zukowski, Stanley H and Wayne Wilkerson, G and Malone Jr, John B},
  journal={Veterinary parasitology},
  volume={47},
  number={1},
  pages={51--65},
  year={1993},
  publisher={Elsevier}
}

@article{rogers1993monitoring,
  title={Monitoring trypanosomiasis in space and time},
  author={Rogers, DJ and Williams, BG},
  journal={Parasitology},
  volume={106},
  number={S1},
  pages={S77--S92},
  year={1993},
  publisher={Cambridge Univ Press}
}

@article{su1994framework,
  title={Framework for application of geographic information system to the monitoring of dengue vectors.},
  author={Su, Ming-Daw and Chang, Nian-Tai},
  journal={Gaoxiong yi xue ke xue za zhi= The Kaohsiung journal of medical sciences},
  volume={10},
  pages={S94--101},
  year={1994}
}

@article{beck1994remote,
  title={Remote sensing as a landscape epidemiologic tool to identify villages at high risk for malaria transmission.},
  author={Beck, Louisa R and Rodriguez, Mario H and Dister, Sheri W and Rodriguez, Americo D and Rejmankova, Eliska and Ulloa, Armando and Meza, Rosa A and Roberts, Donald R and Paris, Jack F and Spanner, Michael A},
  journal={The American journal of tropical medicine and hygiene},
  volume={51},
  number={3},
  pages={271--280},
  year={1994}
}

@article{kitron1994geographic,
  title={Geographic information system in malaria surveillance: mosquito breeding and imported cases in Israel, 1992.},
  author={Kitron, Uriel and Pener, Hedva and Costin, Corina and Orshan, Laor and Greenberg, Zalman and Shalom, Uri},
  journal={The American journal of tropical medicine and hygiene},
  volume={50},
  number={5},
  pages={550--556},
  year={1994}
}
%%%%%%%%%%%%%%%%%%%%%%%%%%%%%%%%%%%%%%%%%%%%%%%%%%%%%%%%%%%%%%%%%%%%%%%%%%%%%%%%%%%%%%%%%%%%%%%%
%%Referencias del capitulo 3
%%%%%%%%%%%%%%%%%%%%%%%%%%%%%%%%%%%%%%%%%%%%%%%%%%%%%%%%%%%%%%%%%%%%%%%%%%%%%%%%%%%%%%%%%%%%%%%%

@article{ThironIzcazaJ2003,
  author = {Thirión Icaza, Jaime},
  title = {El mosquito Aedes aegypti y el dengue en México},
  year = {2003},
  month = {05},
}

@inbook{dengueUruguayCap2,
  author={César Basso},
  year= 2004,
  chapter={Aedes aegypti, principal transmisor de la enfermedad del dengue},
  editor = {César Basso},
  title= {Aedes aegypti, principal transmisor de la enfermedad del dengue},
  publisher= {Universidad de la República Facultad de Agronomía},
  address= {Av. Garzón 780. 12900 Montevideo, Uruguay}
}

@inbook{dengueUruguayCap1,
  author={César Basso, Sonnia Romero, Ruben M. Caffera y Ingrid Roche},
  year= 2004,
  chapter={Abordaje ecosistémico para la prevención y control del vector del dengue},
  editor = {César Basso},
  title= {Aedes aegypti, principal transmisor de la enfermedad del dengue},
  publisher= {Universidad de la República Facultad de Agronomía},
  address= {Av. Garzón 780. 12900 Montevideo, Uruguay}
}

@misc{cenaprece2013,
    author = "Centro Nacional de Programas Preventivos y Control de Enfermedades",
    title = "Guía para la Vigilancia Entomológica con Ovitrampas",
    month = "10",
    year = "2013",
    url = "http://www.cenavece.salud.gob.mx/programas/interior/vectores/descargas/pdf/guiavigilanciaentomologicaovitrampas_sinlogo.pdf"
}

@misc{web-site:speedAnimals,
  author = "Alex Reisner",
  title = "Spedd of animals",
  url = {<http://www.speedofanimals.com/animals/mosquito?u=m>},
  note={[consulta  07 de julio 2014]}
}

@misc{website:mspbsHistoria2014,
  author = {{Dirección General de la Vigilancia de la Salud}},
  organization = {Ministerio de Salud Pública y Bienestar Social, Paraguay},
  title = "La Estrategia de Gestión Integrada (EGI)-Dengue",
  url = {<http://www.vigisalud.gov.py/index.php?option=com_content&view=category&id=19&Itemid=146>},
  note={[consulta  07 de julio 2014]}
}

@misc{web-site:gMonteroBiologia,
    author = "Guillermo Montero",
    title = "Biología del Aedes Aegypti",
    month = "11",
    year = "2009",
}

@article{cabezas2005dengue,
  title={Dengue en el Perú: aportes para su diagnóstico y control},
  author={Cabezas, César},
  journal={Revista Peruana de Medicina Experimental y Salud Publica},
  volume={22},
  number={3},
  pages={212--228},
  year={2005},
  publisher={Instituto Nacional de Salud}
}

@misc{planControlMspbs2014,
    author = {Agueda Cabello and  Marta von Horoch and  Andrea Ojeda and  Olga Mendieta and  Patricia Lima and  Iván Allende and  Cynthia Vázquez and  Gustavo Chamorro and  Martha Torales and  Nidia Martínez and  Soledad Vázquez and  Carlos Guido and  Silvio Ortega and  Gisella Escobar and  Luis Leguizamón and  Elsa Paredes and  Mirian Benítez and  Myriam Cáceres and  Fatima Santander and  Luz Ferreira and  Carlos María Romero and  Syrley Noemi Ferreira and  Patricia Santa Olalla and  Blanca Cousiño and  Antonieta Arias},
    title   = "Plan de Acción para la Prevención y el Control del Dengue",
    howpublished = "http://www.vigisalud.gov.py/",
    year     = "2014"
}

@misc{directricesDetvArg,
    author = {Mirta Eiman, María Virginia Introini, Carlos Ripoll},
    title = "Directrices para la prevención y control de Aedes aegypti",
    howpublished = "www.msal.gov.ar",
    publisher= "Dirección de Enfermedades Transmisibles por Vectores, Ministerio de Salud de la Nación Argentina"
}

@article{ibanez1995vectores,
  title={Los vectores del dengue en México: una revisión crítica},
  author={Ibáñez Bernal, Sergio and Gómez Dantés, Héctor},
  journal={Salud Publica Mex},
  volume={37},
  number={supl},
  pages={53--63},
  year={1995}
}

@article{MARQUES1993,
   title = {{Estudo comparativo de eficácia de larvitrampas e ovitrampas para vigilãncia de vetores de dengue e febre amarela}},
   journal = {{Revista de Salúede Pública}},
   author={Marques, Cristiano Correa de Azevedo AND Marques, Gisela Rita de Alvarenga Monteiro AND Brito, Marylene de AND Santos Neto, Luiz Gonzaga dos AND Ishibashi, Vãnia de Campos AND Gomes, Francisco de Assis},
   ISSN = {0034-8910},
   language = {pt},
   URL = {http://www.scielo.br/scielo.php?script=sci_arttext&pid=S0034-89101993000400002&nrm=iso},
   volume = {27},
   year = {1993},
   month = {08},
   pages = {237 - 241},
   publisher = {scielo},
   crossref = {10.1590/S0034-89101993000400002},
}

@article{world2009dengue,
  title={Dengue guidelines for diagnosis, treatment, prevention and control: new edition},
  author={World Health Organization and others},
  year={2009},
  publisher={Geneva: world Health organization}
}

@article{torres2013diseno,
  title={Diseño y evaluación de una ovitrampa para el monitoreo y control de Aedes aegypti, principal vector del dengue},
  author={Torres-Estrada, José Luis and Rodiles-Cruz, Nery del Carmen},
  journal={salud pública de méxico},
  volume={55},
  number={5},
  pages={505--511},
  year={2013},
  publisher={Instituto Nacional de Salud Pública}
}

@misc{manualControlArg2009,
    title = "Manual de control del vector, Prevención del dengue",
    year=2009,
    howpublished = "www.msal.gov.ar",
    author={Ministerio de Salud de la República Argentina}
}

@article{bisset2008distribucion,
  title={Distribuci{\'o}n y talla del adulto de Aedes aegypti asociado con los sitios de cr{\'i}a},
  author={Bisset, Juan and Leyva, Maureen and Rodr{\'i}guez, Magdalena and others},
  journal={Revista Cubana de Medicina Tropical},
  volume={60},
  number={1},
% pages={0--0},
  year={2008},
  publisher={1999, Editorial Ciencias M{\'e}dicas}
}

@article{manrique1998desarrollo,
   title={Desarrollo, mortalidad y sobrevivencia de las etapas inmaduras de Aedes aegypti (Diptera: Culicidae) en neumáticos.},
  author={Manrique-Saide, Pablo and Delf{\'i}n-Gonz{\'a}lez, Hugo and Parra-Tabla, Victor and Ib{\'a}{\~n}ez-Bernal, Sergio},
  journal={Rev Biomed},
  volume={9},
  pages={84--91},
  year={1998}
}

@misc{website:TimothyOvitrap2014,
    author = {Timothy D. Deschamps},
    title = "A Preliminary Study Of The Attractiveness Of Ovitrap Cups In Collecting Container Species In Massachusetts",
    organization = {Central Mass. Mosquito Control Project},
    url = {<http://www.cmmcp.org/2005ovitrap.htm>},
    note={[consulta  13 de julio 2014]}
}

@phdthesis{ulloa1996abundancia,
  title={Abundancia larvaria y fuentes alimenticias de Aedes aegypti (L)(Díptera: culicidae) en algunos recipientes artificiales, en el sur de Chiapas, México./[por] Armando Ulloa García.},
  author={Ulloa García, Armando},
  year={1996},
  school={Monterrey, NL:[sn]}
}

%%%%%%%%%%%%%%%%%%%%%%%%%%%%%%%%%%%%%%%%%%%%%%%%%%%%%%%%%%%%%%%%%%%%%%%%%%%%%%%%%%%%%%%%%%%%%%%%
%%Referencias del capitulo 4
%%%%%%%%%%%%%%%%%%%%%%%%%%%%%%%%%%%%%%%%%%%%%%%%%%%%%%%%%%%%%%%%%%%%%%%%%%%%%%%%%%%%%%%%%%%%%%%%
@article{rueda1990temperature,
  title={Temperature-dependent development and survival rates of Culex quinquefasciatus and Aedes aegypti (Diptera: Culicidae)},
  author={Rueda, LM and Patel, KJ and Axtell, RC and Stinner, RE},
  journal={Journal of medical entomology},
  volume={27},
  number={5},
  pages={892--898},
  year={1990},
  publisher={Entomological Society of America}
}

@inbook{dengueUruguayCap7,
  author={Ruben Mario Caffera},
  year= 2004,
  chapter={Influencias atmosféricas y climáticas en la transmisión del dengue},
  editor = {César Basso},
  title= {Aedes aegypti, principal transmisor de la enfermedad del dengue},
  publisher= {Universidad de la República Facultad de Agronomía},
  address= {Av. Garzón 780. 12900 Montevideo, Uruguay},
}

@article{sharpe1977reaction,
  title={Reaction kinetics of poikilotherm development},
  author={Sharpe, Peter JH and DeMichele, Don W},
  journal={Journal of Theoretical Biology},
  volume={64},
  number={4},
  pages={649--670},
  year={1977},
  publisher={Elsevier}
}

@article{wagner1984modeling,
  title={Modeling insect development rates: a literature review and application of a biophysical model},
  author={Wagner, Terence L And Wu, Hsin-i And Sharpe, Peter Jh And Schoolfield, Robert M And Coulson, Robert N},
  journal={Annals of the Entomological Society of America},
  volume={77},
  number={2},
  pages={208--225},
  year={1984},
  publisher={Entomological Society of America}
}

@article{otero2006stochastic,
  title={A stochastic population dynamics model for Aedes aegypti: formulation and application to a city with temperate climate},
  author={Otero, Marcelo and Solari, Hernán G. and Schweigmann, Nicolás},
  journal={Bulletin of Mathematical Biology},
  volume={68},
  number={8},
  pages={1945--1974},
  year={2006},
  publisher={Springer}
}

@article{otero2008stochastic,
  title={A stochastic spatial dynamical model for Aedes aegypti},
  author={Otero, Marcelo and Schweigmann, Nicol{\'a}s and Solari, Hern{\'a}n G.},
  journal={Bulletin of mathematical biology},
  volume={70},
  number={5},
  pages={1297--1325},
  year={2008},
  publisher={Springer}
}

@article{velez2013hacia,
  title={Hacia la construcción de un modelo de simulación de la transmisión del dengue en Colombia},
  author={Vélez, Santiago and Nú{\~n}ez, Claudia Patricia and Ruiz, Daniel},
  journal={Revista EIA},
  volume={3},
  number={5},
  pages={23--43},
  year={2013}
}

@article{gustavo2006dengue,
  title={El dengue, un problema creciente de salud en las Américas},
  author={Kourí, Gustavo},
  journal={Revista Panamericana de Salud Pública},
  volume={19},
  number={3},
  pages={143--145},
  year={2006},
  publisher={SciELO Public Health}
}

@article{schoolfield1981non,
  title={Non-linear regression of biological temperature-dependent rate models based on absolute reaction-rate theory},
  author={Schoolfield, RM and Sharpe, PJH and Magnuson, CE},
  journal={Journal of Theoretical Biology},
  volume={88},
  number={4},
  pages={719--731},
  year={1981},
  publisher={Elsevier}
}

@article{trpivs1972dry,
  title={Dry season survival of Aedes aegypti eggs in various breeding sites in the Dar es Salaam area, Tanzania},
  author={Trpis, M},
  journal={Bulletin of the World Health Organization},
  volume={47},
  number={3},
  pages={433},
  year={1972},
  publisher={World Health Organization}
}

@article{osoriopontificia,
  title={Estudio De La Longevidad Y El Ciclo Gonotrófico Del Aedes (stegomyia) Aegypti (linnaeus, 1762), Cepa Girardot (cundinamarca) En Condiciones De Laboratorio},
  author={Andrea Marcela Conde Osorio},
  publisher= {Pontificia Universidad Javeriana Facultad De Ciencias Carrera De Biología},
  year = {2003},
  month = {5}
}

@article{scott1993detection,
  title={Detection of multiple blood feeding in Aedes aegypti (Diptera: Culicidae) during a single gonotrophic cycle using a histologic technique},
  author={Scott, Thomas W And Clark, Gary G And Lorenz, Leslie H And Amerasinghe, Priyanie H And Reiter, Paul And Edman, John D},
  journal={Journal of medical entomology},
  volume={30},
  number={1},
  pages={94--99},
  year={1993},
  publisher={Entomological Society of America}
}

@article{kaufmann2004flight,
  title={Flight performance of the malaria vectors Anopheles gambiae and Anopheles atroparvus},
  author={Kaufmann, Christian and Briegel, Hans},
  journal={Journal of vector ecology},
  volume={29},
  pages={140--153},
  year={2004},
  publisher={Society for Vector Ecology}
}

@article{nino2008uso,
  title={Uso de la funci{\'o}n semivariograma y estimaci{\'o}n kriging en el an{\'a}lisis espacial de un indicador entomol{\'o}gico de Aedes aegypti (Diptera: Culicidae)},
  author={Ni{\~n}o, Larry},
  journal={Biom{\'e}dica},
  volume={28},
  number={4},
  pages={578--586},
  year={2008}
}

@article{petric2012surveillance,
  title={Surveillance of mosquito populations: a key element to understanding the spread of invasive vector species and vector-borne diseases in Europe},
  author={Petric, D and Zgomba, M and Bellini, R and Becker, N},
  journal={Essays on Fundamental and Applied Environmental Topics},
  pages={192--224},
  year={2012}
}

@article{DIBO2005,
   title = {Identification of the best ovitrap installation sites for gravid Aedes (Stegomyia) aegypti in residences in Mirassol, state of São Paulo, Brazil},
   journal = {Mem do Instituto Oswaldo Cruz},
   author={Dibo, Margareth Regina AND Chiaravalloti-Neto, Francisco AND Battigaglia, Marcos AND Mondini, Adriano AND Favaro, Eliane A AND Barbosa, Angelita AC AND Glasser, Carmen M},
   ISSN = {0074-0276},
   language = {en},
   URL = {http://www.scielo.br/scielo.php?script=sci_arttext&pid=S0074-02762005000400001&nrm=iso},
   volume = {100},
   year = {2005},
   month = {07},
   pages = {339 - 343},
   publisher = {scielo},
   crossref = {10.1590/S0074-02762005000400001},
}

@article{journal.pone.0054167,
    author = {Estallo, Elizabet Lilia AND Más, Guillermo AND Vergara-Cid, Carolina AND Lanfri, Mario Alberto AND Ludueña-Almeida, Francisco AND Scavuzzo, Carlos Marcelo AND Introini, María Virginia AND Zaidenberg, Mario AND Almirón, Walter Ricardo},
    journal = {PLoS ONE},
    publisher = {Public Library of Science},
    title = {Spatial Patterns of High Aedes aegypti Oviposition Activity in Northwestern Argentina},
    year = {2013},
    month = {01},
    volume = {8},
    url = {http://dx.doi.org/10.1371%2Fjournal.pone.0054167},
    pages = {e54167},
    number = {1},
    doi = {10.1371/journal.pone.0054167}
}

@misc{albierispatial,
  title={SPATIAL DISTRIBUTION ANALYSIS OF Aedes caspius AND Aedes albopictus (DIPTERA: CULICIDAE) IN MILAN, ITALY},
  author={Albieri, A and Donati, L and Bellini, R and Carrieri, M},
  url={<http://www.caa.it/documenti/posterOIE2006.pdf>},
  note={[consulta 10 de diciembre 2013]}
}

%%%%%%%%%%%%%%%%%%%%%%%%%%%%%%%%%%%%%%%%%%%%%%%%%%%%%%%%%%%%%%%%%%%%%%%%%%%%%%%%%%%%%%%%%%%%%%%%
%%Referencias del capitulo 5
%%%%%%%%%%%%%%%%%%%%%%%%%%%%%%%%%%%%%%%%%%%%%%%%%%%%%%%%%%%%%%%%%%%%%%%%%%%%%%%%%%%%%%%%%%%%%%%%

@article{villatoro2007comparacion,
  title={Comparación de los interpoladores IDW y Kriging en la variación espacial de pH, Ca, CICE y P del suelo},
  author={Villatoro, Mario and Henríquez, Carlos and Sancho, Freddy},
  journal={Agronomía Costarricense},
  year={2007}
}

@article{ortiz2013procesamiento,
  title={Procesamiento Digital de Imágenes},
  author={Ortíz, Manuel Martín},
  journal={Benemérita universidad Autónoma de Puebla},
  year={2013}
}

@article{gonzalez2008segmentacion,
  title={Segmentación de cabezas de espermatozoides de verraco mediante combinación de umbralización y transformada Watershed},
  author={González, Víctor and Alegre, Enrique and Morala-Arg{\"u}ello, Patricia and Suárez, SA},
  journal={XXIX Jornadas de automática},
  year={2008}
}

@article{santillan2008deteccion,
  title={Detección y clasificación de objetos dentro de un salón de clases empleando técnicas de procesamiento digital de imágenes},
  author={Santillán, E and Cruz, Carlos Avilés},
  journal={Universidad Autónoma Metropolitana, México, Tesis de Maestría},
  year={2008}
}

@phdthesis{moreira2009implementacion,
  title={Implementaci{\'o}n de un algoritmo para la detecci{\'o}n y conteo de c{\'e}lulas en im{\'a}genes microsc{\'o}picas},
  author={Moreira Quiroz, Jos{\'e} Joaqu{\'i}n and Valencia Delgado, Pedro Vladimir},
  year={2009}
}
%%%%%%%%%%%%%%%%%%%%%%%%%%%%%%%%%%%%%%%%%%%%%%%%%%%%%%%%%%%%%%%%%%%%%%%%%%%%%%%%%%%%%%%%%%%%%%%%
%%Referencias del capitulo 6
%%%%%%%%%%%%%%%%%%%%%%%%%%%%%%%%%%%%%%%%%%%%%%%%%%%%%%%%%%%%%%%%%%%%%%%%%%%%%%%%%%%%%%%%%%%%%%%%

@article{BESERRA2006,
   title = {{Biologia e Exigências Térmicas de Aedes aegypti (L.) (Diptera: Culicidae)
Provenientes de Quatro Regiões Bioclimáticas da Paraíba}},
   journal = {{Neotropical Entomology}},
   author={Beserra, Eduardo B. AND Castro Jr., Francisco P. de AND Santos, Jos\~A\copyright W. dos AND Santos, Tatiana da S. AND Fernandes, Carlos R.M.},
   ISSN = {1519-566X},
   language = {pt},
   URL = {http://www.scielo.br/scielo.php?script=sci_arttext&pid=S1519-566X2006000600021&nrm=iso},
   volume = {35},
   year = {2006},
   month = {12},
   pages = {853 - 860},
   publisher = {scielo},
   crossref = {10.1590/S1519-566X2006000600021},
}

@phdthesis{sivanathan2006ecology,
  title={The Ecology And Biology Of Aedes Aegypti (L.) And Aedes Albopictus (Skuse)(Diptera: Culicidae) And The Resistance Status Of Aedes Albopictus (Field Strain) Against Organophosphates In Penang, Malaysia [QL536. M266 2006 f rb].},
  author={Sivanathan, Manorenjitha Malar},
  year={2006},
  school={Universiti Sains Malaysia}
}

@mastersthesis{beltran2001bionomia,
  author={Rosa Maria Patiño Beltran},
  school={Facultad De Ciencias Biologicas, Universidad Autonoma De Nuevo Leon},
  title={Bionomía De Aedes Aegypti L, Vector Del Dengue, En El Sur Del Estado De Jalisco, México.},
  year={2001}
}

@mastersthesis{luevano1993ciclo,
  author={Miguel Angel Salas Luevano},
  school={Facultad De Ciencias Biologicas, Universidad Autonoma De Nuevo Leon},
  title={Ciclo Gonotrofico,tasa De Supervivencia Y Estructura De Edades De Aedes Aegypti L. En La Zona Metropolitana De Monterrey, Nuevo Leon, Mexico.},
  year={1993}
}

@article{edman1987host,
  title={Host defensive behaviour and the feeding success of mosquitoes.},
  author={Edman, JOHN D and Scott, THOMAS W},
  journal={Insect science and its application},
  volume={8},
  number={4},
  pages={617--622},
  year={1987},
  publisher={Cambridge Univ Press}
}

@article{trpis1986dispersal,
  title={Dispersal and other population parameters of Aedes aegypti in an African village and their possible significance in epidemiology of vector-borne diseases.},
  author={Trpis, Milan and Hausermann, Walter},
  journal={The American journal of tropical medicine and hygiene},
  volume={35},
  number={6},
  pages={1263},
  year={1986}
}

@article{sheppard1969dynamics,
  title={The dynamics of an adult population of Aedes aegypti in relation to dengue haemorrhagic fever in Bangkok},
  author={Sheppard, PM and Macdonald, WW and Tonn, RJ and Grab, B},
  journal={The journal of animal ecology},
  pages={661--702},
  year={1969},
  publisher={JSTOR}
}
@article{focks1993dynamic,
  title={Dynamic life table model for Aedes aegypti (Diptera: Culicidae): analysis of the literature and model development},
  author={Focks, D Ae and Haile, DG and Daniels, E and Mount, G Ae},
  journal={Journal of medical entomology},
  volume={30},
  number={6},
  pages={1003--1017},
  year={1993},
  publisher={Entomological Society of America}
}

@inbook{dengueUruguayCap8,
  author={César Basso},
  year= 2004,
  chapter={Aedes aegypti, principal transmisor de la enfermedad del dengue},
  editor = {César Basso},
  title= {Genética de Poblaciones como herramienta de apoyo a estudios epidemiológicos},
  publisher= {Universidad de la República Facultad de Agronomía},
  address= {Av. Garzón 780. 12900 Montevideo, Uruguay}
}

@article{mcdonald1977population,
  title={Population Characteristics Of Domestic Aedes Aegypti (diptera: Gulicidae) In Villages On The Kenya Coast Ii. Dispersal Within And Between Villages},
  author={McDonald, PT},
  journal={Journal of medical entomology},
  volume={14},
  number={1},
  pages={49--53},
  year={1977},
  publisher={Entomological Society of America}
}
@article{harrington2005dispersal,
  title={Dispersal of the dengue vector Aedes aegypti within and between rural communities},
  author={Harrington, Laura C and Scott, Thomas W and Lerdthusnee, Kriangkrai and Coleman, Russell C and Costero, Adriana and Clark, Gary G and Jones, James J and Kitthawee, Sangvorn and Kittayapong, Pattamaporn and Sithiprasasna, Ratana and others},
  journal={American Journal of Tropical Medicine and Hygiene},
  volume={72},
  number={2},
  pages={209--220},
  year={2005},
  publisher={[Lawrence, Kan., etc., Allen Press, etc.]}
}
